@article{ref_article01,
  author    = {Hogan, A. and Blomqvist, E. and Cochez, M. and others},
  title     = {Knowledge Graphs},
  journal   = {ACM Computing Surveys},
  volume    = {54},
  number    = {4},
  pages     = {1--37},
  year      = {2021}
}

@article{ref_article02,
  author    = {Ji, S. and Pan, S. and Cambria, E. and others},
  title     = {A Survey on Knowledge Graphs: Representation, Acquisition, and Applications},
  journal   = {IEEE Transactions on Neural Networks and Learning Systems},
  volume    = {33},
  number    = {2},
  pages     = {494--514},
  year      = {2022}
}

@inproceedings{ref_article03,
  author    = {Peng, M. and Liu, B. and Xu, W. and others},
  title     = {Deja vu: Contrastive Historical Modeling with Prefix-tuning for Temporal Knowledge Graph Reasoning},
  booktitle = {Findings of the North American Chapter of the Association for Computational Linguistics (NAACL)},
  pages     = {1234--1245},
  year      = {2024}
}

@inproceedings{ref_article04,
  author    = {Brown, T. and Mann, B. and Ryder, N. and others},
  title     = {Language Models are Few-Shot Learners},
  booktitle = {Advances in Neural Information Processing Systems 33 (NeurIPS 2020)},
  pages     = {1877--1901},
  year      = {2020}
}

@misc{ref_article05,
  author    = {Kalyan, K.S.},
  title     = {A Survey of GPT-3 Family Large Language Models Including ChatGPT and GPT-4},
  year      = {2023}
}

@misc{ref_article06,
  author    = {Touvron, H. and Lavril, T. and Izacard, G. and others},
  title     = {LLaMA: Open and Efficient Foundation Language Models},
  year      = {2023}
}

@article{ref_article07,
  author    = {Zhang, J. and Sun, Y. and Wang, H.},
  title     = {DeepSeek: Large-Scale Knowledge Graph Reasoning with Deep Reinforcement Learning},
  year      = {2025}
}

@inproceedings{ref_article08,
  author    = {Black, S.M. and Biderman, S. and Hallahan, E. and others},
  title     = {GPT-NeoX-20B: An Open-Source Autoregressive Language Model},
  booktitle = {Proceedings of BigScience Episode 5},
  pages     = {95--136},
  year      = {2022}
}

@inproceedings{ref_article09,
  author    = {Liu, H. and Wang, F. and Chen, X. and others},
  title     = {Chain-of-History: A Novel Approach to Temporal Reasoning},
  booktitle = {ACL},
  year      = {2024}
}

@misc{ref_article10,
  author    = {Liao, R. and Jia, X. and Ma, Y. and others},
  title     = {GenTKG: Generative Forecasting on Temporal Knowledge Graph with Large Language Models},
  year      = {2024}
}

@inproceedings{ref_article11,
  author    = {Trivedi, R. and Dai, H. and Wang, Y. and Song, L.},
  title     = {Know-Evolve: Deep Temporal Reasoning for Dynamic Knowledge Graphs},
  booktitle = {ICML 2017},
  pages     = {3462--3471},
  year      = {2017}
}

@misc{ref_article12,
  author    = {Visin, F. and Kastner, K. and Courville, A. and others},
  title     = {ReNet: A Recurrent Neural Network Based Alternative to Convolutional Networks},
  year      = {2015}
}

@misc{ref_article13,
  author    = {Li, Z. and Wang, Y. and Song, L.},
  title     = {Temporal Knowledge Graph Reasoning Based on Evolutional Representation Learning},
  year      = {2021}
}

@inproceedings{ref_article14,
  author    = {Zhang, M. and Xia, Y. and Liu, Q. and others},
  title     = {Learning Long- and Short-term Representations for Temporal Knowledge Graph Reasoning},
  booktitle = {ACM},
  year      = {2023}
}

@inproceedings{ref_article15,
  author    = {Lewis, P. and Perez, E. and Piktus, A. and others},
  title     = {Retrieval-Augmented Generation for Knowledge-Intensive NLP Tasks},
  booktitle = {NeurIPS 2020},
  pages     = {9459--9474},
  year      = {2020}
}

@article{ref_article16,
  author    = {Kulczynski, S.},
  title     = {A Measure of Association for Qualitative Variables},
  journal   = {Mathematics Journal of Statistics},
  year      = {1927}
}

@online{ref_article17,
  author    = {{LangChain}},
  title     = {Chroma Vector Store Integration},
  year      = {2023},
  url       = {https://python.langchain.com/docs/integrations/vectorstores/chroma/}
}

@online{ref_article18,
  author    = {{OpenAI}},
  title     = {text-embedding-3-large Model. OpenAI Documentation},
  year      = {2023},
  url       = {https://openai.com/index/new-embedding-models-and-api-updates/}
}

@misc{ref_article19,
  author    = {Boschee, E. and Lautenschlager, J. and O’Brien, S. and Shellman, S.},
  title     = {ICEWS14 Dataset}
}

@article{ref_article20,
  author    = {Schrodt, P.A. and Leetaru, K.},
  title     = {GDELT—Global Data on Events, Location, and Tone},
  year      = {2013}
}

@misc{ref_article21,
  author    = {Mahdisoltani, F. and Biega, J. and Suchanek, F.},
  title     = {YAGO3: A Knowledge Base from Multilingual Wikipedias}
}

@inproceedings{ref_article22,
  author    = {Zhang, X. and Liu, Y. and Wang, M. and others},
  title     = {TiRGN—Temporal Inference via Recurrent Graph Networks},
  booktitle = {IJCAI},
  pages     = {2149--2155},
  year      = {2022}
}

@misc{ref_article23,
  author    = {Zhu, S. and Zhang, Y. and Xie, W. and others},
  title     = {TLogic—Probabilistic Logic Reasoning for Temporal Knowledge Graphs},
  year      = {2021}
}

